@ARTICLE{9020301,  author={Wan, Pengwu and Huang, Qiongdan and Lu, Guangyue and Wang, Jin and Yan, Qianli and Chen, Yufei},  journal={China Communications},   title={Passive localization of signal source based on UAVs in complex environment},   year={2020},  volume={17},  number={2},  pages={107-116},  doi={10.23919/JCC.2020.02.009}}

@INPROCEEDINGS{9615429,  author={Tovkach, Igor O. and Vasyliev, Volodymyr M. and Zhuk, Serhii Ya. and Neuimin, Oleksandr S.},  booktitle={2021 IEEE 6th International Conference on Actual Problems of Unmanned Aerial Vehicles Development (APUAVD)},   title={Filtering of Radio Source Movement Parameters at Integrated Use of Passive Location Methods Data Based on Sensor Network},   year={2021},  volume={},  number={},  pages={204-208},  doi={10.1109/APUAVD53804.2021.9615429}}

@INPROCEEDINGS{9299862,  author={Gu, Jiangchun and Wang, Haichao and Ding, Guoru and Xu, Yitao and Jiao, Yutao},  booktitle={2020 International Conference on Wireless Communications and Signal Processing (WCSP)},   title={UAV-Enabled Mobile Radiation Source Tracking with Deep Reinforcement Learning},   year={2020},  volume={},  number={},  pages={672-678},  doi={10.1109/WCSP49889.2020.9299862}}

@book{meta, place={Cambridge}, edition={2}, title={A Guide to Monte Carlo Simulations in Statistical Physics}, DOI={10.1017/CBO9780511614460}, publisher={Cambridge University Press}, author={Landau, David P. and Binder, Kurt}, year={2005}}